
@article{liva,
  title={Variational-inference-based data detection for OFDM systems with imperfect channel estimation},
  author={Li, Feng and Xu, Zongben and Zhu, Shihua},
  journal={IEEE transactions on vehicular technology},
  volume={62},
  number={3},
  pages={1394--1399},
  year={2012},
  publisher={IEEE}
}

@article{gha,
  title={PAPR reduction of OFDM using PTS and error-correcting code subblocking-Transactions Papers},
  author={Ghassemi, Abolfazl and Gulliver, T Aaron},
  journal={IEEE Transactions on wireless communications},
  volume={9},
  number={3},
  pages={980--989},
  year={2010},
  publisher={IEEE}
}
