

%%%%%%%%%%%%%%%%%%%%%%%%%%%%%%%%%%%%%%%%%%%%%%%%%%%%%%%%%%%%%%%%%%%%%%%%%%%%%%
@inproceedings{Ref1,
  title={Implementing an OpenFlow Switch on the NetFPGA platform},
  author={Jad Naous and David Erickson and G'Adam Covington and Guido Appenzeller and Nick McKeown},
  address={San Jose,CA,USA},
  year={November 6-7,2008},
  organization={ANCS'08}
}

@inproceedings{Ref2,
  title={SDN: Development, Adoption and Research Trends(A Survey of Research in SDN)},
  author={Lav Gupta},
  year={December 2013},
}

@online{Ref3,
		title={Five SDN Protocols other than OpenFlow},
	url={http://searchsdn.techtarget.com/news/2240227714/Five-SDN-protocols-other-than-OpenFlow},
	year={Accessed on 14th November 2017}
}

@inproceedings{Ref4,
  title={Software Defined Networking: A Comprehensive Survey},
  author={By Diego Kreutz and Fernando M. V. Ramos and Paulo Esteves Verı´ssimo and Christian Esteve Rothenberg and Siamak Azodolmolky and Steve Uhlig},
  year={January 2015},
  volume={103, No.1},
  organization={Proceedings of the IEEE}
}

@inproceedings{Ref5,
  title={Network Innovation using OpenFlow: A Survey},
  author={Anisha Kolasani and Byrav Ramamurthy and Adrian Lara},
  pages={493-512},
  address={University of Nebraska - Lincoln},
  year={2014},
  volume={16, No.1},
  organization={IEEE COMMUNICATIONS SURVEYS and TUTORIALS}
}

@online{Ref6,
	title={Global Environment for Network Innovations},
	url={http://geni.net},
	year={Accessed on 14th November 2017}
}

@unpublished{Ref7,
  title={OpenFlow: Enabling Innovation in Campus Networks},
  author={Nick McKeown and Tom Anderson and Hari Balakrishnan and Guru Parulkar and Larry Peterson},
  year={April 2008},
  volume={38, No.2},
  publisher={ACM SIGCOMM Computer Communication Review}
}

@inproceedings{Ref8,
  title={Supercharging PlanetLab – A High Performance, Multi-Application, Overlay Network Platform},
  author={Jon Turner and Brandon Heller and Jing Lu and et al},
  address={Kyoto, Japan},
  year={August 27-31, 2007},
  volume={16, No.1},
  organization={ACM 978-1-59593-713-1/07/0008}
}

@online{Ref9,
	title={NetFPGA:Programmable Networking Hardware},
	url={http://netfpga.org},
	year={Accessed on 17th November 2017}
}

@inproceedings{Ref10,
  title={NetFPGA: Reusable Router Architecture for Experimental Research},
  author={Jad Naous and Jad Naous and Sara Bolouki and Nick McKeown},
  address={Seattle, Washington, USA},
  year={August 22, 2008},
  volume={PRESTO’08},
  organization={ACM 978-1-60558-181-1/08/08}
}

@unpublished{Ref11,
  title={Software-Defined Networking: State of the Art and Research Challenges},
  author={Manar Jammalal and Taranpreet Singh and Abdallah Shami and et al},
  organization={Submitted for review and possible publication in Elsevier’s Journal of Computer Networks}
}

@inproceedings{Ref12,
  title={The Road to SDN: An Intellectual History of Programmable Networks},
  author={Nick Feamster and Jennifer Rexford and Ellen Zegura},
  year={April 2014},
  volume={44, Issue 2},
  organization={ACM SIGCOMM Computer Communication Review}
}

@online{Ref13,
  title={10 Breakthrough Technologies:Software-defined Networking MIT Technol.Rev., 2009},
  url={http://www2.technologyreview.com/news/412194/tr10-software-defined-networking/},
  year={Accessed on 20th November 2017}
}

@inproceedings{Ref14,
  title={Don’t Call Them Middleboxes, Call Them Middlepipes},
  author={Hani Jamjoom and Dan Williams and Upendra Sharma},
  year={HotSDN’14, August 22, 2014},
  address={Chicago, IL, USA.},
  organization={ACM 978-1-4503-2989-7/14/08}
}

@inproceedings{Ref16,
  title={A Survey of Active Network Research},
  author={David L. Tennenhouse and Jonathan M. Smith and W. David Sincoskie and et al},
  year={January 1997},
  volume={35, No. 1},
  organization={IEEE Communications Magazine}
}

@inproceedings{Ref17,
  title={Reflections on Network Architecture: an Active Networking Perspective},
  author={Ken Calvert and },
  year={April 2006},
  volume={36, Number 2},
  organization={ACM SIGCOMM Computer Communication Review}
}

@online{Ref18,
  title={NSF Future Internet Design},
  url={http://www.nets-find.net/},
  year={Accessed on 18th November 2017}
}

@online{Ref19,
  title={EU Future Internet Research and Experimentation Initiative},
  url={http://www.ict-fire.eu/},
  year={Accessed on 18th November 2017}
}

@inproceedings{Ref20,
  title={ANTS: A Toolkit for Building and Dynamically Deploying Network Protocols},
  author={David J. Wetherall and John V. Guttag and David L. Tennenhouse},
  year={April 1998},
  organization={IEEE OpenArch}
}

@inproceedings{Ref21,
  title={Network Functions Virtualisation(An Introduction, Benefits, Enablers, Challenges \& Call for Action)},
  author={M.Chiosi},
  year={October 22-24, 2012},
  organization={ETSI,Darmstadt-Germany}
}

@inproceedings{Ref22,
  title={SwitchBlade: A Platform for Rapid Deployment of Network Protocols on Programmable Hardware},
  author={Muhammad Bilal Anwer and Murtaza Motiwala and Mukarram bin Tariq and Nick Feamster},
  address={New Delhi, India.},
  year={August 30-September 3, 2010},
  organization={ACM SIGCOMM}
}

@inproceedings{Ref23,
  title={RouteBricks: Exploiting Parallelism To Scale Software Routers},
  author={Mihai Dobrescu and Norbert Eg and Katerina Argyraki and Et al},
  address={Big Sky, Montana, USA.},
  year={October 11–14, 2009},
  volume={SOSP’09},
  organization={ACM}
}

@inproceedings{Ref24,
  title={Forwarding Metamorphosis: Fast Programmable Match-Action Processing in Hardware for SDN},
  author={Pat Bossharty and Glen Gibbz and Hun-Seok Kim and Et al},
  address={Hong Kong, China},
  year={August 12–16, 2013},
  volume={SIGCOMM’13},
  organization={ACM 978-1-4503-2056-6/13/08}
}

@inproceedings{Ref25,
  title={A Blueprint for Introducing Disruptive Technology into the Internet},
  author={Larry Peterson and T.Anderson and Et al},
  address={Proceedings of the First ACM Workshop on Hot Topics in Networks (HotNets-I), Princeton, NJ},
  year={October 2002},
  organization={ACM}
}

@inproceedings{Ref26,
  title={Directions in Active Networks},
  author={Kenneth L. Calvert and Samrat Bhattacharjee and Ellen Zegura and et al},
  pages={404-409},
  year={October 1998},
  organization={IEEE Journal on Selected Areas of Communication}
}

@inproceedings{Ref27,
  title={Design Issues for High-Performance Active Routers},
  author={Tilman Wolf and Jonathan S. Turner, Fellow, IEEE},
  volume={19, NO. 3},
  year={MARCH 2001},
  organization={EEE JOURNAL ON SELECTED AREAS IN COMMUNICATIONS}
}

@inproceedings{Ref28,
  title={A Secure Active Network Environment Architecture:Realization in SwitchWare},
  author={D. Scott Alexander and William A. Arbaugh and Angelos D. Keromytis and Jonathan M. Smith},
  pages={37-45},
  year={May 1998},
  organization={IEEE Network Magazine}
}

@inproceedings{Ref29,
  title={Linux Netlink as an IP Services Protocol:Internet Engineering Task Force},
  author={J. Salim and A. Kleen},
  volume={RFC 3549},
  year={July 2003},
  organization={Network Working Group}
}

@inproceedings{Ref30,
  title={Forwarding and Control Element Separation (ForCES) Framework},
  author={L. Yang and T. Anderson R. Gopal},
  volume={RFC 3546},
  year={April 2004},
  organization={Network Working Group}
}

@inproceedings{Ref31,
  title={Design and Implementation of a Routing Control Platform},
  author={Matthew Caesar and Donald Caldwell and Nick Feamster and et al},
  address={Boston,MA},
  volume={2nd USENIX NSDI},
  year={May 2005},
  organization={Network Working Group}
}

@inproceedings{Ref32,
  title={The Case for Separating Routing from Routers},
  author={Nick Feamster and Hari Balakrishnan and Jennifer Rexford and et al},
  address={Portland, Oregon, USA.},
  volume={SIGCOMM'04 Workshops},
  year={Aug. 30­Sept. 3, 2004},
  organization={ACM 1­58113­942­X/04/0008}
}

@inproceedings{Ref33,
  title={A Path Computation Element (PCE)-Based Architecture},
  author={A. Farrel and J.-P. Vasseur and J. Ash},
  volume={RFC 4655},
  year={August 2006},
  organization={Network Working Group}
}

@inproceedings{Ref34,
  title={Realizing a Foundation for Programmability of ATM Networks with the Binding Architecture},
  author={Aurel A. Lazar and Koon-Seng Lim and Franco Marconcini},
  address={Department of Electrical Engineering and Center for Telecommunications Research Columbia University, New York, NY 10027-6699},
  volume={14. No 7},
  pages={1214-1277},
  year={September 1996},
  organization={IEEE J.Sel Areas Commun.}
}

@inproceedings{Ref35,
  title={Dynamic Connectivity Management with an Intelligent Route Service Control Point},
  author={J. Van der Merwe and A. Cepleanu and K. D'Souza and B. Freeman and A. Greenberg and et al},
  address={Pisa, Italy.},
  volume={SIGCOMM'06 Workshops},
  year={September 11­15, 2006},
  organization={ACM 1­59593­417­0/06/0009}
}

@inproceedings{Ref36,
  title={The SoftRouter Architecture},
  author={T.V. Lakshman and T. Nandagopal and R. Ramjee K. and Sabnani T. Woo},
  address={San Diego,CA},
  year={November 2004},
  organization={In Proc. 3rd ACM orkshop on Hotnets-III}
}

@inproceedings{Ref37,
  title={Onix: A Distributed Control Platform for Large-scale Production Networks},
  author={Teemu Koponen and Martin Casado and Natasha Gude and Jeremy Stribling and et al},
  pages={1-6},
  volume={10},
  year={2010},
  organization={OSDI}
}

@inproceedings{Ref38,
  title={A Clean Slate 4D Approach to Network Control and Management },
  author={Albert Greenberg and Gisli Hjalmtysson and David A. Maltz and et al},
  pages={41-54},
  volume={35(5)},
  year={2005},
  organization={ACM SIGCOMM Computer Communications Review}
}

@inproceedings{Ref39,
  title={Ethane: Taking Control of the Enterprise},
  author={Martìn Casado and Michael J. Freedman and Scott Shenker},
  address={Kyoto, Japan.},
  volume={SIGCOMM’07},
  year={August 27–31, 2007},
  organization={ACM 978-1-59593-713-1/07/0008}
}

@inproceedings{Ref40,
  title={SANE: A Protection Architecture for Enterprise Networks},
  author={Martin Casado and Tal Garfinkel and Aditya Akella and et al},
  pages={137-151 of the Proceedings},
  volume={15th USENIX Security Symposium},
  year={August 2006},
  organization={Vancouver,BC,Canada}
}

@inproceedings{Ref41,
  title={Operating System Support for Planetary-Scale Network Services},
  author={Andy Bavier and Mic Bowman and Brent Chun and David Cullerand et al},
  address={San Fransisco,CA},
  year={March 2004},
  organization={In Proc. First Symposium on Networked Systems Design and Implementation(NSDI)}
}

@inproceedings{Ref42,
  title={An Integrated Experimental Environment for Distributed Systems and Networks (full report)},
  author={Brian White and Jay Lepreau and Leigh Stoller and et al},
  address={University of Utah},
  url={www.cs.utah.edu/flux},
  year={May 2002},
  organization={In Proc. OSDI}
}

@online{Ref43,
  title={NSF Guidelines for Planning and Managing the Major Research Equipment and Facilities Construction (MREFC) Account.},
  url={http://www.nsf.gov/bfa/docs/mrefcguidelines1206.pdf},
  year={Accessed on 26th Nov. 2017}
}

@inproceedings{Ref44,
  title={NOX: Towards an Operating System for Networks},
  author={Natasha Gude and Teemu Koponen and Justin Pettit and et al},
  pages={105-110},
  year={July 2008},
  organization={ACM SIGCOMM Computer Communication Review}
}

@online{Ref45,
  title={ON.Lab. ONOS: Open network operating system, 2013},
  url={http://tinyurl.com/pjs9eyw.},
  year={Accessed on 23rd November, 2017}
}

@inproceedings{Ref46,
  title={MBone Provides Audio and Video Across the Internet},
  author={Michael R. Macedonia and Donald P. Brutzman},
  address={Naval Postgraduate School},
  pages={30-36},
  year={April 1994},
  organization={IEEE COMPUTER}
}

@inproceedings{Ref47,
  title={IPv6 Testing Address Allocation},
  author={R. Hinden and R. Fink and J. Postel},
  volume={RFC 1897},
  year={December 1998},
  organization={Network Working Group}
}

@inproceedings{Ref48,
  title={Dynamic Internet Overlay deployment and managemnet using the X-bone},
  author={Joe Touch},
  address={Information Science Institute, University of southern california,476 Admiralty way,Marina del Rey, CA 90292-6601,USA},
  pages={117-135},
  year={2001},
  organization={Elsevier Computer Networks}
}

@inproceedings{Ref49,
  title={Resilient Overlay Networks},
  author={David Andersen  and Hari Balakrishnan and Frans Kaashoek and Robert Morris},
  volume={18th ACM Symp. on Operating Systems Principles (SOSP)},
  address={Banff, Canada},
  year={October 2001},
  organization={ACM}
}

@online{Ref50,
  title={Nicira. It’s time to virtualize the network, },
  url={http://nicira.com/en/network-virtualization-platform},
  year={Accessed on 27th Nov 2017}
}

@inproceedings{Ref51,
  title={Reproducible Network Experiments Using Container-Based Emulation},
  author={Nikhil Handigol and Brandon Heller and Vimalkumar Jeyakumar and et al},
  volume={CoNEXT’12},
  address={Nice, France.},
  year={December 10–13, 2012},
  organization={ACM 978-1-4503-1775-7/12/12}
}

@inproceedings{Ref52,
  title={A Network in a Laptop: Rapid Prototyping for Software-Defined Networks},
  author={Bob Lantz and Brandon Heller and Nick McKeown},
  volume={Hotnets ’10,},
  address={Monterey, CA, USA.},
  year={October 20–21, 2010},
  organization={ACM 978-1-4503-0409-2/10/10}
}

@inproceedings{Ref53,
  title={Can the Production Network Be the Testbed?},
  author={Rob Sherwood and Glen Gibby and Kok-Kiong Yap and et al},
  volume={9th USENIX},
  address={Vancouver,Canada},
  year={October 2010},
  organization={OSDI}
}

@book{Ref54,
	title={Software Defined Networking with OpenFlow},
	author={Siamak Azodolmolky},
	year={October 2013},
	publisher={Packet Publishing Ltd.}
}

@inproceedings{Ref55,
  title={Software-Defined Networking: A Comprehensive Survey},
  author={Diego Kreutz and Fernando M.V. Ramos and et al},
  volume={Version 2.01},
  year={8th October 2014}
}

@inproceedings{Ref56,
  title={Software-Defined Networking:The New Norm for Networks},
  author={ONF},
  volume={ONF white Paper,Version 2.01},
  year={13 April 2012},
  organization={Open Network Foundation}
}

@inproceedings{Ref57,
  title={A Survey on Software-Defined Networking},
  author={Wenfeng Xia and Yonggang Wen and et al},
  volume={17,No.1 },
  year={First Quarter 2015},
  organization={IEEE COMMUNICATION SURVEYS \& TUTORIALS,}
}

@inproceedings{Ref58,
  title={A Survey on Software-Defined Network and OpenFlow: From Concept to Implementation},
  author={Fei Hu, Qi Hao, and Ke Bao},
  volume={16,No.4 },
  year={Fourth Quarter 2014},
  organization={IEEE COMMUNICATION SURVEYS \& TUTORIALS}
}

@online{Ref59,
  title={SDN Primer, why we Need SDN},
  url={https://turbonomic.com/blog/on-technology/sdn-software-defined-networking-primer-and-why-we-need-sdn/},
  year={Accessed on 27th Nov 2017}
}

@inproceedings{Ref60,
  title={AT\&T Vision Alignment Challenge Technology Survey},
  author={AT\&T},
  volume={AT\&T Domain 2.0 Vision White Paper},
  year={November 13, 2013},
  organization={AT\&T Intellectual Property}
}

@inproceedings{Ref61,
  title={OpenFlow Switch Specification},
  author={The OpenNetwork Foundation},
  volume={Version 1.3.0(Wire Protocol 0x04)},
  year={25 june 2012},
  organization={The Open Network Foundation}
}

@inproceedings{Ref62,
  title={Software-Defined Networks and OpenFlow},
  author={William Stallings},
  volume={16, No. 1},
  year={November 2016},
  organization={The Internet Protocol Journal}
}

@book{book,
	title={Software Defined Networking (SDN) with OpenFlow},
	author={Carlos Fernandez and Jose L. Muñoz},
	publisher={UPC Telematics Department}
}
